@inproceedings{unbound11,
 author = {Weirich, Stephanie and Yorgey, Brent A. and Sheard, Tim},
 title = {Binders Unbound},
 booktitle = {ICFP '11},
 booktitle = {Proceedings of the 16th ACM SIGPLAN International Conference on Functional Programming},
 year = {2011},
 isbn = {978-1-4503-0865-6},
 location = {Tokyo, Japan},
 pages = {333--345},
 numpages = {13},
 acmid = {2034818},
 publisher = {ACM},
 address = {New York, NY, USA},
 keywords = {generic programming, haskell, name binding, patterns},
} 
 series = {ICFP '11},
 url = {http://doi.acm.org/10.1145/2034773.2034818},
 doi = {10.1145/2034773.2034818},


@article{Milner92picalcI,
 author = {Milner, Robin and Parrow, Joachim and Walker, David},
 title = {A Calculus of Mobile Processes, I},
 journal = {Inf. Comput.},
 issue_date = {Sept. 1992},
 volume = {100},
 number = {1},
 month = sep,
 year = {1992},
 issn = {0890-5401},
 pages = {1--40},
 numpages = {40},
 acmid = {162038},
 publisher = {Academic Press, Inc.},
 address = {Duluth, MN, USA},
} 
 url = {http://dx.doi.org/10.1016/0890-5401(92)90008-4},
 doi = {10.1016/0890-5401(92)90008-4},

@article{Milner92picalcII,
 author = {Milner, Robin and Parrow, Joachim and Walker, David},
 title = {A Calculus of Mobile Processes, II},
 journal = {Inf. Comput.},
 issue_date = {Sept. 1992},
 volume = {100},
 number = {1},
 month = sep,
 year = {1992},
 issn = {0890-5401},
 pages = {41--77},
 numpages = {37},
 acmid = {162039},
 publisher = {Academic Press, Inc.},
 address = {Duluth, MN, USA},
} 
 doi = {10.1016/0890-5401(92)90009-5},
 url = {http://dx.doi.org/10.1016/0890-5401(92)90009-5},

@inproceedings{Abadi97ccs,
 author = {Abadi, Mart\'{\i}n and Gordon, Andrew D.},
 title = {A Calculus for Cryptographic Protocols: The Spi Calculus},
 booktitle = {CCS '97},
 booktitle = {Proceedings of the 4th ACM Conference on Computer and Communications Security},
 year = {1997},
 isbn = {0-89791-912-2},
 location = {Zurich, Switzerland},
 pages = {36--47},
 numpages = {12},
 acmid = {266432},
 publisher = {ACM},
 address = {New York, NY, USA},
} 
 series = {CCS '97},
 url = {http://doi.acm.org/10.1145/266420.266432},
 doi = {10.1145/266420.266432},


@inproceedings{TolSerNit04,
 author = {Tolmach, Andrew and Antoy, Sergio and Nita, Marius},
 title = {Implementing Functional Logic Languages Using Multiple Threads and Stores},
 booktitle = {ICFP '04},
 booktitle = {Proceedings of the Ninth ACM SIGPLAN International Conference on Functional Programming},
 year = {2004},
 isbn = {1-58113-905-5},
 location = {Snow Bird, UT, USA},
 pages = {90--102},
 numpages = {13},
 acmid = {1016865},
 publisher = {ACM},
 address = {New York, NY, USA},
 keywords = {functional logic languages, multi-versioned stores, narrowing, residuation},
} 
 series = {ICFP '04},
 url = {http://doi.acm.org/10.1145/1016850.1016865},
 doi = {10.1145/1016850.1016865},


@inproceedings{LopHer99toy,
 author = {L\'{o}pez-Fraguas, Francisco Javier and Hern\'{a}ndez, Jaime S\'{a}nchez},
 title = {TOY: A Multiparadigm Declarative System},
 booktitle = {Proceedings of the 10th International Conference on Rewriting Techniques and Applications},
 series = {RtA '99},
 year = {1999},
 isbn = {3-540-66201-4},
 pages = {244--247},
 numpages = {4},
 acmid = {718553},
 publisher = {Springer-Verlag},
} 
 address = {London, UK},
 url = {http://dl.acm.org/citation.cfm?id=647198.718553},

@inproceedings{CalSha01lotos,
 author = {Calder, Muffy and Shankland, Carron},
 title = {A Symbolic Semantics and Bisimulation for Full LOTOS},
 booktitle = {FORTE '01},
 booktitle = {Proceedings of the IFIP TC6/WG6.1 - 21st International Conference on Formal Techniques for Networked and Distributed Systems},
 year = {2001},
 isbn = {0-7923-7470-3},
 pages = {185--200},
 numpages = {16},
 acmid = {682036},
 publisher = {Kluwer, B.V.},
} 
 address = {Deventer, The Netherlands},
 series = {FORTE '01},
 url = {http://dl.acm.org/citation.cfm?id=646219.682036},

@inproceedings{HenMil80hml,
 author = {Hennessy, Matthew and Milner, Robin},
 title = {On Observing Nondeterminism and Concurrency},
 booktitle = {Proceedings of the 7th Colloquium on Automata, Languages and Programming},
 year = {1980},
 isbn = {3-540-10003-2},
 acmid = {758793},
 publisher = {Springer-Verlag},
} 
 address = {London, UK},
 numpages = {11},
 url = {http://dl.acm.org/citation.cfm?id=646234.758793},

@book{Mil82ccs,
 author = {Milner, Robin},
 title = {A  Calculus of Communicating Systems},
 year = {1982},
 isbn = {0387102353},
 publisher = {Springer-Verlag New York, Inc.},
 address = {Secaucus, NJ, USA},
} 


@techreport{Renzy14phi,
author    = "William de Renzy-Martin",
title     = "The Applied $\pi$-calculus Interpreter",
institution = "Imperial College London",
address = "London, UK",
type     = "3rd year computing individual project", 
year      = "2014",
month    = Jun,
url = "http://hackage.haskell.org/package/pi-calculus"
}

@InProceedings{ParBorEriGutWeb15,
 author ={Joachim Parrow and Johannes Borgstr{\"o}m and Lars-Hennessynrik Eriksson and Ramunas Gutkovas and Tjark Weber},
 title ={{Modal Logics for Nominal Transition Systems}},
 booktitle ={CONCUR '15},
 booktitle ={26th Internationalnal Conference on Concurrency Theory (CONCUR '15)},
 pages ={198--211},
 series ={LIPIcss},
 ISBN ={978-3-939897-91-0},
 ISSN ={1868-8969},
 year ={2015},
 volume ={42},
 publisher ={Schloss Dagstuhl--Leibniz-Zentrum fuer Informatik},
 andddress ={Dagstuhl, Germany},
 URN ={urn:nbn:de:0030-drops-53823},
 annote ={Keywords: Process algebra,algebra nominal sets, bisimulation, modal logic}
}
 series ={Leibniz International Proceedings in Informatics (LIPIcss)},
 editor ={Luca Aceto and David de Frutos Escrig},Frutos

@INPROCEEDINGS{TiuDaw10,
	author={Alwen Tiu and Jermy Dawson},
	booktitle={23rd IEEE Computer Security Foundations Symposium (CSF '10)},
	title={Automating Open Bisimulation Checking for the Spi Calculus},
	year={2010},
	pages={307-321},
	publisher="IEEE Computer Society",
	keywords={bisimulation equivalence;cryptographic protocols;pi calculus;automating open bisimulation checking;cryptographic primitive;pi calculus;security protocol;spi calculus;symbolic trace analysis;Calculus;Cryptography;Nickel;Observers;Semantics;Syntactics;intruder deduction;open bisimulation;spi-calculus;symbolic trace analysis},
	ISSN={1063-6900},
	month={July},
}
	doi={10.1109/CSF.2010.28},

@article{MilParWal93lm,
	title = "Modal logics for mobile processes",
	journal = "Theoretical Computer Science",
	volume = "114",
	number = "1",
	pages = "149 - 171",
	year = "1993",
	issn = "0304-3975",
	author = "Robin Milner and Joachim Parrow and David Walker",
	doi = "http://dx.doi.org/10.1016/0304-3975(93)90156-N",
	url = "http://www.sciencedirect.com/science/article/pii/030439759390156N",
}


@inproceedings{Hanus10lea,
 author = {Hanus, Michael},
 title = {Lazy and Enforceable Assertions for Functional Logic Programs},
 booktitle = {WFLP'10},
 booktitle = {Proceedings of the 19th International Conference on Functional and Constraint Logic Programming},
 year = {2011},
 isbn = {978-3-642-20774-7},
 location = {Madrid, Spain},
 pages = {84--100},
 numpages = {17},
 acmid = {2008277},
 publisher = {Springer-Verlag},
} 
 series = {WFLP'10},
 address = {Berlin, Heidelberg},
 url = {http://dl.acm.org/citation.cfm?id=2008270.2008277},


@inproceedings{FisOleSha09,
 author = {Fischer, Sebastian and Kiselyov, Oleg and Shan, Chung-chieh},
 title = {Purely Functional Lazy Non-deterministic Programming},
 booktitle = {ICFP '09},
 booktitle = {Proceedings of the 14th ACM SIGPLAN International Conference on Functional Programming},
 year = {2009},
 isbn = {978-1-60558-332-7},
 location = {Edinburgh, Scotland},
 pages = {11--22},
 numpages = {12},
 acmid = {1596556},
 publisher = {ACM},
 address = {New York, NY, USA},
 keywords = {call-time choice, continuations, monads, side effects},
} 
 series = {ICFP '09},
 url = {http://doi.acm.org/10.1145/1596550.1596556},
 doi = {10.1145/1596550.1596556},


@inproceedings{BraFisHanRec10,
 author = {Bra{\ss}el, Bernd and Fischer, Sebastian and Hanus, Michael and Reck, Fabian},
 title = {Transforming Functional Logic Programs into Monadic Functional Programs},
 booktitle = {Proceedings of the 19th International Conference on Functional and Constraint Logic Programming},
 series = {WFLP'10},
 year = {2011},
 isbn = {978-3-642-20774-7},
 location = {Madrid, Spain},
 pages = {30--47},
 numpages = {18},
 acmid = {2008274},
 publisher = {Springer-Verlag},
} 
 address = {Berlin, Heidelberg},
 url = {http://dl.acm.org/citation.cfm?id=2008270.2008274},

@article{ZhuGuWu08,
 title={An Open Approach for the Applied Pi Calculus},
 author={Han Zhu and Yonggen Gu and Xiaohong Wu},
 journal={JSW},
 year={2008},
 volume={3},
 pages={44-51},
}
 URL="https://www.semanticscholar.org/paper/An-Open-Approach-for-the-Applied-Pi-Calculus-Zhu-Gu/67b9c3cca6db32303caffe228f39998d26900126"

 BibTeX | EndNote | ACM Ref

@inproceedings{Bedwyr07,
 author = {Baelde, David and Gacek, Andrew and Miller, Dale and Nadathur, Gopalan and Tiu, Alwen},
 title = {The Bedwyr System for Model Checking over Syntactic Expressions},
 booktitle = {CADE-21},
 year = {2007},
 isbn = {978-3-540-73594-6},
 location = {Bremen, Germany},
 pages = {391--397},
 numpages = {7},
 acmid = {1420891},
 publisher = {Springer-Verlag},
}
 address = {Berlin, Heidelberg},
 booktitle = {Proceedings of the 21st International Conference on Automated Deduction: Automated Deduction},
 series = {CADE-21},
 url = {http://dx.doi.org/10.1007/978-3-540-73595-3_28},
 doi = {10.1007/978-3-540-73595-3_28},


@Article{Sangiorgi96acta,
author="Sangiorgi, Davide",
title="A theory of bisimulation for the $\pi$-calculus",
journal="Acta Informatica",
year="1996",
volume="33",
number="1",
pages="69--97",
abstract="We study a new formulation of bisimulation for the $\pi$-calculus [MPW92], which we have called open bisimulation ( ∼ ). In contrast with the previously known bisimilarity equivalences, ∼ is preserved by all $\pi$-calculus operators, including input prefix. The differences among all these equivalences already appear in the sublanguage without name restrictions: Here the definition of ∼ can be factorised into a ``standard'' part which, modulo the different syntax of actions, is the CCS bisimulation, and a part specific to the $\pi$-calculus, which requires name instantiation. Attractive features of ∼ are: A simple axiomatisation (of the finite terms), with a completeness proof which leads to the construction of minimal canonical representatives for the equivalence classes of ∼; an ``efficient'' characterisation, based on a modified transition system. This characterisation seems promising for the development of automated-verification tools and also shows the call-by-need flavour of ∼. Although in the paper we stick to the $\pi$-calculus, the issues developed may be relevant to value-passing calculi in general.",
issn="1432-0525",
}
doi="10.1007/s002360050036",
url="http://dx.doi.org/10.1007/s002360050036"


@article{Schrijvers09mcp,
 author = {Schrijvers, Tom and Stuckey, Peter and Wadler, Philip},
 title = {Monadic Constraint Programming},
 journal = {J. Funct. Program.},
 issue_date = {November 2009},
 volume = {19},
 number = {6},
 year = {2009},
 issn = {0956-7968},
 pages = {663--697},
 numpages = {35},
 acmid = {1735549},
 publisher = {Cambridge University Press},
 address = {New York, NY, USA},
}
 month = nov,
 url = {http://dx.doi.org/10.1017/S0956796809990086},
 doi = {10.1017/S0956796809990086},


@article{AhnHorTiu17corr,
  author    = {Ki Yung Ahn and
               Ross Horne and
               Alwen Tiu},
  title     = {A Characterisation of Open Bisimulation using an Intuitionistic Modal
               Logic},
  journal   = {CoRR},
  volume    = {abs/1701.05324},
  year      = {2017},
  url       = {http://arxiv.org/abs/1701.05324},
  timestamp = {Wed, 01 Feb 2017 17:47:56 +0100},
  biburl    = {http://dblp.uni-trier.de/rec/bib/journals/corr/AhnHT17},
  bibsource = {dblp computer science bibliography, http://dblp.org},
}
  note = "errata and supplements at \url{http://github.com/kyagrd/NonBisim2DF/}"

@inproceedings{BlaFou05,
 author = {Blanchet, Bruno and Fournet, Cedric},
 title = {Automated Verification of Selected Equivalences for Security Protocols},
 booktitle = {LICS '05},
 booktitle = {Proceedings of the 20th Annual IEEE Symposium on Logic in Computer Science},
 year = {2005},
 isbn = {0-7695-2266-1},
 pages = {331--340},
 numpages = {10},
 acmid = {1079707},
 publisher = {IEEE Computer Society},
 address = {Washington, DC, USA},
} 
 series = {LICS '05},
 url = {http://dx.doi.org/10.1109/LICS.2005.8},
 doi = {10.1109/LICS.2005.8},



@article{ChaGuoKohLoc98,
	title = "GOFFIN: Higher-order functions meet concurrent constraints",
	journal = "Science of Computer Programming",
	volume = "30",
	number = "1",
	pages = "157 - 199",
	year = "1998",
	note = "",
	issn = "0167-6423",
	author = "Manuel M.T. Chakravarty and Yike Guo and Martin Köhler and Hendrik C.R. Lock",
}
	doi = "http://dx.doi.org/10.1016/S0167-6423(97)00010-5",
	url = "http://www.sciencedirect.com/science/article/pii/S0167642397000105",


@inproceedings{VicMil94mwb,
 author = {Victor, Bj\"{o}rn and Moller, Faron},
 title = {The Mobility Workbench - A Tool for the pi-Calculus},
 booktitle = {CAV '94},
 year = {1994},
 isbn = {3-540-58179-0},
 pages = {428--440},
 numpages = {13},
 acmid = {735672},
 publisher = {Springer-Verlag},
} 
 address = {London, UK},
 series = {CAV '94},
 booktitle = {Proceedings of the 6th International Conference on Computer Aided Verification},
 url = {http://dl.acm.org/citation.cfm?id=647763.735672},

@phdthesis{Bergstrom13phd,
	author= "Lars Bergstrom",
	title= "Parallel Functional Programming with Mutable State",
	school= "University of Chicago",
	year= 2013,
	month= Jun,
}

@article{AbaFou01appi,
 author = {Abadi, Mart\'{\i}n and Fournet, C{\'e}dric},
 title = {Mobile Values, New Names, and Secure Communication},
 journal = {SIGPLAN Not.},
 issue_date = {March 2001},
 volume = {36},
 number = {3},
 month = jan,
 year = {2001},
 issn = {0362-1340},
 pages = {104--115},
 numpages = {12},
 acmid = {360213},
 publisher = {ACM},
 address = {New York, NY, USA},
}
 url = {http://doi.acm.org/10.1145/373243.360213},
 doi = {10.1145/373243.360213},


@inproceedings{ZiaSivJag09,
 author = {Ziarek, Lukasz and Sivaramakrishnan, KC and Jagannathan, Suresh},
 title = {Partial Memoization of Concurrency and Communication},
 booktitle = {ICFP '09},
 booktitle = {Proceedings of the 14th ACM SIGPLAN International Conference on Functional Programming},
 year = {2009},
 isbn = {978-1-60558-332-7},
 location = {Edinburgh, Scotland},
 pages = {161--172},
 numpages = {12},
 acmid = {1596575},
 publisher = {ACM},
 address = {New York, NY, USA},
 keywords = {concurrent ml, concurrent programming, multicore systems, partial memoization, software transactions},
} 
 series = {ICFP '09},
 url = {http://doi.acm.org/10.1145/1596550.1596575},
 doi = {10.1145/1596550.1596575},



@article{Rota64bell,
    author = {Rota, Gian-Carlo},
    citeulike-article-id = {117769},
    citeulike-linkout-0 = {http://www.ams.org/mathscinet-getitem?mr=161805},
    citeulike-linkout-1 = {http://dx.doi.org/10.2307/2312585},
    citeulike-linkout-2 = {http://dx.doi.org/10.2307/2312585},
    citeulike-linkout-3 = {http://www.jstor.org/stable/2312585},
    issn = {00029890},
    journal = {The American Mathematical Monthly},
    keywords = {bell, number, partitons},
    month = may,
    number = {5},
    pages = {498--504},
    posted-at = {2009-09-15 15:59:38},
    priority = {2},
    publisher = {Mathematical Association of America},
    title = {The Number of Partitions of a Set},
    volume = {71},
    year = {1964}
}
    doi = {10.2307/2312585},
    url = {http://www.ams.org/mathscinet-getitem?mr=161805},

@inproceedings{Wadler85listm,
 author = {Wadler, Philip},
 title = {How to Replace Failure by a List of Successes},
 booktitle = {Proc. of Conference on Functional Programming Languages and Computer Architecture},
 year = {1985},
 isbn = {3-387-15975-4},
 location = {Nancy, France},
 pages = {113--128},
 numpages = {16},
 acmid = {5288},
 publisher = {Springer-Verlag New York, Inc.},
}
 address = {New York, NY, USA},
 url = {http://dl.acm.org/citation.cfm?id=5280.5288},

@inproceedings{Hinze00bmt,
 author = {Hinze, Ralf},
 title = {Deriving Backtracking Monad Transformers},
 booktitle = {ICFP '00},
 booktitle = {Proceedings of the Fifth ACM SIGPLAN International Conference on Functional Programming},
 year = {2000},
 isbn = {1-58113-202-6},
 pages = {186--197},
 numpages = {12},
 acmid = {351258},
 publisher = {ACM},
 address = {New York, NY, USA},
 keywords = {Haskell, Prolog, backtracking, continuations, cut, monad transformers, monads, program derivation},
} 
 series = {ICFP '00},
 url = {http://doi.acm.org/10.1145/351240.351258},
 doi = {10.1145/351240.351258},


@article{ErwKol06pfp,
 author = {Erwig, Martin and Kollmansberger, Steve},
 title = {FUNCTIONAL PEARLS: Probabilistic Functional Programming in Haskell},
 journal = {J. Funct. Program.},
 issue_date = {January 2006},
 volume = {16},
 number = {1},
 month = jan,
 year = {2006},
 issn = {0956-7968},
 pages = {21--34},
 numpages = {14},
 acmid = {1114013},
 publisher = {Cambridge University Press},
 address = {New York, NY, USA},
}
 url = {http://dx.doi.org/10.1017/S0956796805005721},
 doi = {10.1017/S0956796805005721},


@InProceedings{Kiselyov16hakaru10,
  title =	"Probabilistic Programming Language and its Incremental
		 Evaluation",
  author =	"Oleg Kiselyov",
  bibdate =	"2016-10-10",
  bibsource =	"DBLP,
		 http://dblp.uni-trier.de/db/conf/aplas/aplas2016.html#Kiselyov16",
  booktitle =	"APLAS '16",
  booktitle =	"Programming Languages and Systems - 14th Asian
		 Symposium, {APLAS} 2016, Hanoi, Vietnam, November
		 21-23, 2016, Proceedings",
  year = 	"2016",
  volume =	"10017",
  ISBN = 	"978-3-319-47957-6",
  pages =	"357--376",
  series =	"LNCS",
}
  doi =  	"10.1007/978-3-319-47958-3",
  editor =	"Atsushi Igarashi",
  series =	"Lecture Notes in Computer Science",

@InProceedings{TiuNamHor16spec,
  title =	"{SPEC}: An Equivalence Checker for Security
		 Protocols",
  author =	"Alwen Tiu and Nam Nguyen and Ross Horne",
  bibdate =	"2016-10-10",
  bibsource =	"DBLP,
		 http://dblp.uni-trier.de/db/conf/aplas/aplas2016.html#TiuNH16",
  booktitle =	"APLAS '16",
  booktitle =	"Programming Languages and Systems - 14th Asian
		 Symposium, {APLAS} 2016, Hanoi, Vietnam, November
		 21-23, 2016, Proceedings",
  year = 	"2016",
  volume =	"10017",
  ISBN = 	"978-3-319-47957-6",
  pages =	"87--95",
  series =	"LNCS",
  URL =  	"http://dx.doi.org/10.1007/978-3-319-47958-3",
}
  editor =	"Atsushi Igarashi",
  series =	"Lecture Notes in Computer Science",



@inproceedings{KisShaFriSab05logict,
 author = {Kiselyov, Oleg and Shan, Chung-chieh and Friedman, Daniel P. and Sabry, Amr},
 title = {Backtracking, Interleaving, and Terminating Monad Transformers: (Functional Pearl)},
 booktitle = {ICFP '05},
 booktitle = {Proceedings of the Tenth ACM SIGPLAN International Conference on Functional Programming},
 year = {2005},
 isbn = {1-59593-064-7},
 location = {Tallinn, Estonia},
 pages = {192--203},
 numpages = {12},
 url = {http://doi.acm.org/10.1145/1086365.1086390},
 doi = {10.1145/1086365.1086390},
 acmid = {1086390},
 publisher = {ACM},
 address = {New York, NY, USA},
 keywords = {Haskell, Prolog, continuations, control delimiters, logic programming, streams},
} 
 series = {ICFP '05},

@article{Miler92uum,
 author = {Miller, Dale},
 title = {Unification Under a Mixed Prefix},
 journal = {J. Symb. Comput.},
 issue_date = {Oct. 1992},
 volume = {14},
 number = {4},
 month = oct,
 year = {1992},
 issn = {0747-7171},
 pages = {321--358},
 numpages = {38},
 acmid = {147067},
 publisher = {Academic Press, Inc.},
 address = {Duluth, MN, USA},
}
 url = {http://dx.doi.org/10.1016/0747-7171(92)90011-R},
 doi = {10.1016/0747-7171(92)90011-R},


@article{TiuMil10,
 author = {Tiu, Alwen and Miller, Dale},
 title = {Proof Search Specifications of Bisimulation and Modal Logics for the {$\pi$}-calculus},
 journal = {ACM Trans. Comput. Logic},
 issue_date = {January 2010},
 volume = {11},
 number = {2},
 month = jan,
 year = {2010},
 issn = {1529-3785},
 pages = {13:1--13:35},
 articleno = {13},
 numpages = {35},
 acmid = {1656248},
 publisher = {ACM},
 address = {New York, NY, USA},
 keywords = {{\$\lambda\$}-tree syntax, \∇ quantifier, \π-calculus, Proof search, bisimulation, generic judgments, higher-order abstract syntax, modal logics},
}
 url = {http://doi.acm.org/10.1145/1656242.1656248},
 doi = {10.1145/1656242.1656248},


